<?xml version="1.0" encoding="UTF-8"?><collection xmlns="http://www.loc.gov/MARC21/slim"><record><leader>00560nam--2200193-u-4500</leader><controlfield tag="001">000053545</controlfield><controlfield tag="002">20161230</controlfield><controlfield tag="005">20161230201051</controlfield><controlfield tag="008">110413s1000------------r-----000-0-rus-d</controlfield><datafield ind1=" " ind2=" " tag="040"><subfield code="a">IFIN-HH</subfield></datafield><datafield ind1=" " ind2=" " tag="041"><subfield code="a">rus</subfield></datafield><datafield ind1=" " ind2=" " tag="080"><subfield code="a">535.371+535.373</subfield></datafield><datafield ind1="1" ind2=" " tag="100"><subfield code="a">Pringsheim, Peter</subfield></datafield><datafield ind1="1" ind2="0" tag="245"><subfield code="a">Fluorescencia i fosforescencia</subfield><subfield code="c">Peter pringsheim</subfield></datafield><datafield ind1=" " ind2=" " tag="260"><subfield code="a">Moskva</subfield><subfield code="b">Izdatelstvo Piostrannoi Literaturi</subfield><subfield code="c">1951</subfield></datafield><datafield ind1=" " ind2=" " tag="300"><subfield code="a">622P</subfield></datafield><datafield ind1=" " ind2=" " tag="500"><subfield code="a">Titlul Original In Limba Engleza: Fluorescence And Phosphorescence</subfield></datafield><datafield ind1=" " ind2=" " tag="852"><subfield code="a">2294</subfield><subfield code="c">535.37</subfield></datafield><datafield ind1=" " ind2=" " tag="CAT"><subfield code="a">Sys</subfield><subfield code="c">20110413</subfield><subfield code="h">124216</subfield></datafield></record></collection>